[gd_scene load_steps=19 format=3 uid="uid://dsdo7wx12utld"]

[ext_resource type="Script" path="res://Game/game_manager.gd" id="1_3ghqd"]
[ext_resource type="Texture2D" uid="uid://cx1n2astdefg" path="res://imports/images/bg.jpg" id="1_qx4wd"]
[ext_resource type="PackedScene" uid="uid://bcdg5j6o47lrh" path="res://Entities/Food/pointer.tscn" id="2_clwdr"]
[ext_resource type="PackedScene" uid="uid://budg0jrr8frk2" path="res://Entities/Player/player.tscn" id="2_o5uuu"]
[ext_resource type="PackedScene" uid="uid://blx7yaoppgmqd" path="res://Entities/Food/food.tscn" id="3_2ybaq"]
[ext_resource type="Script" path="res://Entities/Food/food_spawner.gd" id="3_qqqdg"]
[ext_resource type="Resource" uid="uid://c6nw7cwynwwsm" path="res://Data/Food/baby_food.tres" id="6_76u3h"]
[ext_resource type="Resource" uid="uid://fwjhd31mltvy" path="res://Data/Food/red_food.tres" id="7_fan2m"]
[ext_resource type="Resource" uid="uid://bnpwiocj7aojc" path="res://Data/Food/blue_food.tres" id="8_bvwd1"]
[ext_resource type="Resource" uid="uid://b5cg06mhjwvu4" path="res://Data/Food/green_food.tres" id="9_pkuuj"]
[ext_resource type="Resource" uid="uid://djbe7xv6cdq2f" path="res://Data/Food/yellow_food.tres" id="10_6puon"]
[ext_resource type="Texture2D" uid="uid://blktr1ioycjfu" path="res://imports/images/timer.png" id="11_ar27f"]
[ext_resource type="Texture2D" uid="uid://dofbch6t3fi6s" path="res://imports/images/EatThis.png" id="12_beaal"]
[ext_resource type="Texture2D" uid="uid://blgdo63ahqc63" path="res://imports/images/BabyFood.png" id="13_0pum3"]

[sub_resource type="RectangleShape2D" id="RectangleShape2D_ws54h"]
size = Vector2(20, 957.5)

[sub_resource type="RectangleShape2D" id="RectangleShape2D_p7tor"]
size = Vector2(1307.5, 20)

[sub_resource type="Environment" id="Environment_vm1am"]
background_mode = 3
glow_enabled = true
glow_normalized = true
glow_bloom = 1.0
fog_light_color = Color(0, 0, 0, 1)
adjustment_brightness = 0.48

[sub_resource type="CameraAttributesPractical" id="CameraAttributesPractical_3ecf5"]

[node name="World" type="Node2D"]
script = ExtResource("1_3ghqd")

[node name="Player" parent="." node_paths=PackedStringArray("radar", "food_spawner") instance=ExtResource("2_o5uuu")]
visibility_layer = 4
z_index = 100
position = Vector2(2529, 1794)
collision_mask = 6
move_speed = 3500.0
rotate_speed = 23000.0
max_speed = 750.0
radar = NodePath("../Radar")
radar_pointer = ExtResource("2_clwdr")
food_spawner = NodePath("../FoodSpawner")

[node name="Camera2D" type="Camera2D" parent="Player"]
zoom = Vector2(0.5, 0.5)
limit_left = 0
limit_top = 0
limit_right = 5120
limit_bottom = 3840
position_smoothing_enabled = true
position_smoothing_speed = 6.0

[node name="Environment" type="Sprite2D" parent="."]
position = Vector2(2560, 1920)
scale = Vector2(4, 4)
texture = ExtResource("1_qx4wd")

[node name="LeftWall" type="StaticBody2D" parent="Environment"]
position = Vector2(-645, 0)
collision_layer = 4

[node name="CollisionShape2D" type="CollisionShape2D" parent="Environment/LeftWall"]
shape = SubResource("RectangleShape2D_ws54h")

[node name="RightWall" type="StaticBody2D" parent="Environment"]
position = Vector2(644.5, 0)
collision_layer = 4

[node name="CollisionShape2D" type="CollisionShape2D" parent="Environment/RightWall"]
shape = SubResource("RectangleShape2D_ws54h")

[node name="TopWall" type="StaticBody2D" parent="Environment"]
position = Vector2(-2, -480)
collision_layer = 4

[node name="CollisionShape2D" type="CollisionShape2D" parent="Environment/TopWall"]
shape = SubResource("RectangleShape2D_p7tor")

[node name="BottomWall" type="StaticBody2D" parent="Environment"]
position = Vector2(-7.75, 480)
collision_layer = 4

[node name="CollisionShape2D" type="CollisionShape2D" parent="Environment/BottomWall"]
shape = SubResource("RectangleShape2D_p7tor")

[node name="FoodSpawner" type="Node" parent="."]
script = ExtResource("3_qqqdg")
food_prefab = ExtResource("3_2ybaq")
food_types = Array[Resource("res://Entities/Food/food_data.gd")]([ExtResource("6_76u3h"), ExtResource("7_fan2m"), ExtResource("8_bvwd1"), ExtResource("9_pkuuj"), ExtResource("10_6puon")])

[node name="Radar" type="Node2D" parent="."]

[node name="WorldEnvironment" type="WorldEnvironment" parent="."]
environment = SubResource("Environment_vm1am")
camera_attributes = SubResource("CameraAttributesPractical_3ecf5")

[node name="HUD" type="CanvasLayer" parent="."]

[node name="Control" type="Control" parent="HUD"]
layout_mode = 3
anchors_preset = 15
anchor_right = 1.0
anchor_bottom = 1.0
grow_horizontal = 2
grow_vertical = 2

[node name="HBoxContainer" type="HBoxContainer" parent="HUD/Control"]
layout_direction = 2
layout_mode = 1
anchors_preset = 12
anchor_top = 1.0
anchor_right = 1.0
anchor_bottom = 1.0
grow_horizontal = 2
grow_vertical = 0

[node name="FoodIndicator" type="Control" parent="HUD/Control/HBoxContainer"]
layout_mode = 2
size_flags_horizontal = 0

[node name="Indicator" type="TextureRect" parent="HUD/Control/HBoxContainer/FoodIndicator"]
layout_mode = 1
anchors_preset = 8
anchor_left = 0.5
anchor_top = 0.5
anchor_right = 0.5
anchor_bottom = 0.5
offset_left = -462.0
offset_top = -155.0
offset_right = -390.0
offset_bottom = -83.0
grow_horizontal = 2
grow_vertical = 2
texture = ExtResource("13_0pum3")

[node name="EatThisLabel" type="TextureRect" parent="HUD/Control/HBoxContainer/FoodIndicator"]
layout_mode = 1
anchors_preset = 8
anchor_left = 0.5
anchor_top = 0.5
anchor_right = 0.5
anchor_bottom = 0.5
offset_left = -536.0
offset_top = -83.0
offset_right = -316.0
offset_bottom = -13.0
grow_horizontal = 2
grow_vertical = 2
texture = ExtResource("12_beaal")

[node name="Panel" type="Panel" parent="HUD/Control/HBoxContainer"]
layout_mode = 2

[node name="Control" type="Control" parent="HUD/Control/HBoxContainer"]
layout_mode = 2
size_flags_horizontal = 8

[node name="TextureRect" type="TextureRect" parent="HUD/Control/HBoxContainer/Control"]
layout_mode = 1
anchors_preset = 15
anchor_right = 1.0
anchor_bottom = 1.0
grow_horizontal = 2
grow_vertical = 2
texture = ExtResource("11_ar27f")
